<?xml version="1.0" encoding="UTF-8"?><collection xmlns="http://www.loc.gov/MARC21/slim"><record><leader>00380nam--2200133-i-4500</leader><controlfield tag="001">000038567</controlfield><controlfield tag="002">20161230</controlfield><controlfield tag="005">20170116002837</controlfield><controlfield tag="008">060222s1000------------r-----000-0-eng-d</controlfield><datafield ind1=" " ind2=" " tag="245"><subfield code="a">Repertoriul periodicelor straine din r.p.r. Schimb International, 1958</subfield></datafield><datafield ind1=" " ind2=" " tag="260"><subfield code="a">Bucuresti</subfield><subfield code="b">Bibl.Centr.De Stat</subfield><subfield code="c">1960</subfield></datafield><datafield ind1=" " ind2=" " tag="300"><subfield code="a">XVIII + 1045 p</subfield></datafield><datafield ind1=" " ind2=" " tag="852"><subfield code="a">D.1036</subfield></datafield><datafield ind1=" " ind2=" " tag="CAT"><subfield code="a">SYS</subfield><subfield code="c">20170116</subfield><subfield code="h">002837</subfield></datafield></record></collection>